
@book{Altenburger:1997,
	author = {Roland Altenburger},
	title = {Anredeverhalten in China um 1750},
	subtitle = {Soziolinguidtische Untersuchungen am Roman «Rulin waishi»},
	location = {Bern},
	publisher = {Peter Lang},
	year = {1997},
}

@book{Bauer:1956,
	author = {Wolfgang Bauer},
	title = {Der chinesische Personenname},
	subtitle = {Die Bildungsgesetze und hauptsächlichsten Bedeutungsinhalte von Ming, Tzu und Hsiao-Ming},
	localtion = {Wiesbaden},
	publisher = {Otto Harrassowitz},
	yrar = {1956},
}

@book{Wilkinson:2012,
	author = {Endymion Wilkinson},
	title = {Chinese History},
	subtitle = {A New History},
	location = {Cambridge (Massachusetts)},
	publisher = {Harvard University Press},
	year = {2012},
}

@book{Wang:2000,
	author = {{Wang Li}},
	title = {Wang Li guhanyu zidian},
	location = {Beijing},
	publisher = {Zhonghuo shuju},
	year = {2000},
}

@article{Goetz:2014,
	author = {Thilo Götz and Jörn Kottmann and Alexander Lang},
	title = {Quo Vadis UIMA?},
	journal = {Proceedings of the Workshop on Open Infrastructures and Analysis Frameworks for HLT},
	pages = {77–82},
	location = {Dublin},
}

@book{Guy:1987,
	author = {R. Kent Guy},
	title = {The Emperor's Four Treasuries},
	subtitle = {Scholars and the State in the late Ch'ien-lung Era},
	publisher = {Hong Kong University Press},
	location = {Hong Kong},
	year = {1987},
}

@misc{Templeton:2011,
  author = {Clay Templeton},
  title  = {Topic modeling in the humanities: an overview},
  year   = {2011},
  howpublished = {http://mith.umd.edu/topic-modeling-in-the-humanities-an-overview/}
}


@article{Dirichlet:2003,
	author = {David M. Blei and Andrew Y. Ng and Michael I. Jordan},
	title = {Latent Dirichlet Allocation},
	journal = {Journal of Machine Learning Research},
	year = {2003},
	number = {3},
	pages = {993-1022}}
