@book{Iverson:1962,
	author = {Kenneth E. Iverson},
	title = {A Programming Language},
	location = {New York},
	publisher = {J. Wiley and Sons},
	year = {1962},
}

@book{JYTSJ,
        author = {{Zha Shenxing 查慎行}},
        shortauthor = {Zha},
        editor = {{Zhou Shao  周劭}},
        title = {Jingye tang shi ji 敬業堂詩集 (Collection of poetry from the Hall of XXX)},
        location = {Shanghai},
        publisher = {Shanghai guji chubanshe},
        year = {1986},
        shorttitle = {JYTSJ},
}

@book{Hightower:1970,
	author = {James Hightower},
	title = {The Poetry of T'ao Ch'ien},
	location = {London},
	publisher = {Clarendon Press},
	year = {1970},
}
